@book{fundamentals2009,
  title={Fundamentals of medical imaging},
  author={Suetens, Paul},
  year={2009},
  publisher={Cambridge university press}
}